% -*- mode: bibtex; bibtex-dialect: biblatex -*-
@MISC{IntangibleCapital:tpm01,
    author = {Martin-García Juan A; Martínez Rafael Mateo},
    title = {Barreras y facilitadores de la implantación del TPM},
    year = 2013,
    howpublished={\url{https://www.redalyc.org/pdf/549/54928893011.pdf}},
    editor = {Intangible Capital},
    language = {spanish}
}

@Book{Nakajima:tpm01,
  author = {Nakajima, Seiichi},
  title =	 {TPM Development Program},
  subtitle = {Implementing total productive maintenance (English and Japanese Edition)},
  year =	 1989,
  language =	 {english, japan},
  publisher =	 {Productivity Press},
  isbn =	 9780915299379,
  pagetotal =	403 
}

@Book{Flanagan:spa,
    author = {Flanagan, David},
    title = {JavaScript: The definitive guide},
    subtitle = {Master the World's MOst-Used Programming Language},
    year = 2020,
    language = {english},
    publisher = {O'Reilly Media, Inc.},
    isbn = 9781491952023,
    pagetotal = 707
}

@inbook{hopital,
  title        = "Aplicaciones de la derivada",
  booktitle    = "Cálculo: una variable",
  author       = "Brinton, Thomas George",
  chapter      = 4,
  pages        = "292-297",
  year         = 2006,
  publisher    = "Pearson educación",
  isbn         =  "9702606438"
}

@MISC{snap7:documentation,
    author = {Nardella, David},
    title = {Step7 Open source Ethernet Communication Suite},
    howpublished={\url{https://snap7.sourceforge.net}},
    language = {english}
}

@MISC{snap7:python-snap7,
    author = {Molenaar Gijs; Preeker Stephan},
    title = {Welcome to Python-Snap7's documentation},
    year = 2013,
    howpublished={\url{https://python-snap7.readthedocs.io/en/latest/index.html}},
    language = {english}
}

@MISC{azure:bandwidth-pricing,
    author = {Microsoft},
    title = {Bandwidth pricing},
    year = 2023,
    howpublished = {\url{https://azure.microsoft.com/en-us/pricing/details/bandwidth/}},
    language = {english}
}

@MISC{pythondoc:datetime,
    author = {The Python Software Foundation},
    title = {Datetime — Basic date and time types},
    year = 2023,
    howpublished = {\url{https://docs.python.org/3/library/datetime.html}},
    language = {english}
}

@MISC{pythondoc:errorsAndExcpetions,
    author = {The Python Software Foundation},
    title = {Errors and Exceptions},
    year = 2023,
    howpublished = {\url{https://docs.python.org/es/3/tutorial/errors.html}},
    language = {english}
}

@MISC{pythondoc:listExceptions,
    author = {The Python Software Foundation},
    title = {Built-in Exceptions},
    year = 2023,
    howpublished = {\url{https://docs.python.org/es/3/library/exceptions.html#bltin-exceptions}},
    language = {english}
}

@MISC{pythondoc:round,
    author = {The Python Software Foundation},
    title = {Built-in Functions},
    year = 2023,
    howpublished = {\url{https://docs.python.org/3/library/functions.html#round}},
    language = {english}
}

@MISC{w3schools:ajax,
    author = {W3Schools},
    title = {\acro{Ajax} introduction},
    year = 2023,
    howpublished = {\url{https://www.w3schools.com/js/js_ajax_intro.asp}},
    language = {english}
}

@MISC{milloresProto,
    author = {Ingimec},
    title = {Millores Proto (document intern)},
    howpublished = {\url{https://github.com/6q4598/TFG/tree/main/PreviousWork/Documents/Office}}
}

@MISC{flask:flask,
    title = {Flask, web development, one drop at a time},
    author = {Armin Ronacher},
    year = 2022,
    howpublished = {\url{https://flask.palletsprojects.com/en/2.2.x/}}
}

@MISC{microsoft:wsl2,
    title = {Windows Subsystem for Linux documentation},
    author = {Microsoft},
    year = 2022,
    howpublished = {\url{https://learn.microsoft.com/en-us/windows/wsl}},
    language = {english}
}

@MISC{mikegerwitz,
    title = {GNU kWindows},
    author = {Mark Gerwitz},
    year = 2016,
    howpublished = {\url{https://mikegerwitz.com/2016/04/gnu-kwindows}},
    language = {english}
}

@MSIC{python:pip,
    title = {Pip},
    author = {The pip developers},
    year = 2023,
    howpublished = {\url{https://pip.pypa.io/en/stable/}},
    language = {english}
}

@MISC{python:pepWsgi,
    title = {PEP 333 – Python Web Server Gateway Interface v1.0},
    year = 2022,
    author = {The Python Software Foundation},
    howpublished = {\url{https://peps.python.org/pep-0333}},
    language = {english}
}

@MISC{python:PyPi,
    title = {Encuentre, instale y publique paquetes de Python con PyPi},
    year = 2023,
    author = {The Python Software Foundation},
    howpublished = {\url{https://pypi.org}},
    language = {spanish}
}

@MISC{microsoft:csrf,
    title = {Preventing Cross-Site Request Forgery (CSRF) Attacks in ASP.NET MVC Application},
    year = 2022,
    author = {Microsoft},
    howpublished = {\url{https://learn.microsoft.com/en-us/aspnet/web-api/overview/security/preventing-cross-site-request-forgery-csrf-attacks}},
    language = {english}
}

@MISC{Bootstrap,
    title = {Build fast, responsive sites with Bootstrap},
    year = 2023,
    author = {The Bootstrap Team},
    howpublished = {\url{https://getbootstrap.com/docs/5.3/getting-started/introduction/}},
    language = {english}
}

@MISC{ajax:ibm,
    title = {¿Qué es Ajax?},
    year = 2021,
    author = {\acro{Ibm} Corporation},
    howpublished = {\url{https://www.ibm.com/docs/es/rational-soft-arch/9.6.1?topic=page-asynchronous-javascript-xml-ajax-overview}},
    language = {spanish}
}

@MISC{debian,
    title = {Tested images},
    year = 2023,
    author = {Gunnar Wolf, a Debian Developer},
    howpublished = {\url{https://raspi.debian.net/tested-images/}},
    language = {english},
}

@MISC{debianInstall,
    title = {How to Install Debian on Raspberry Pi (Illustrated guide)},
    year = 2023,
    author = {RaspberryTips},
    language = {english},
    howpublished = {\url{https://raspberrytips.com/install-debian-on-raspberry-pi/}},
}

@MISC{linux:die,
    title = {ip(8) - Linux man page},
    year = 2023,
    author = {Die.net},
    language = {english},
    howpublished = {\url{https://linux.die.net/man/8/ip}},
}

@MISC{w3techs:webservers,
    title = {Usage statistics of web servers},
    year = 2023,
    author = {W3Techs - Web Technology Surveys},
    language = {english},
    howpublished = {\url{https://w3techs.com/technologies/overview/web_server}},
}

@INPROCEEDINGS{apache,
  author={Yiming Hu and Nanda, A. and Qing Yang},
  booktitle={1999 IEEE International Performance, Computing and Communications Conference (Cat. No.99CH36305)}, 
  title={Measurement, analysis and performance improvement of the Apache Web server}, 
  year={1999},
  pages={261-267},
  publisher = {Institute of Electrical and Electronics Engineers},
  doi={10.1109/PCCC.1999.749447}
}

@MISC{apache2,
  title = {Apache, HTTP Server Project},
  year = 2023,
  author = {The Apache Software Foundation},
  language = {english},
  howpublished = {\url{https://httpd.apache.org}},
}

@MISC{protocol:tls,
  title = {Internet Engineering Task Force},
  year = 2023,
  author = {IETF Administration LLC},
  language = {english},
  howpublished = {\url{https://www.ietf.org}},
}

@BOOK{security:compNet,
    author = {Kurose, James F.; Ross, Keith W.},
    title = {Computer Networking: A Top-Down Approach},
    year = 2021,
    language = {english},
    publisher = {Pearson Education Limited},
    pagetotal = 800,
    isbn = 9781292405469,
}

@MISC{linux:systemd,
  title = {SystemD System and Service Manager},
  year = 2022,
  author = {Poettering Lennart, Sievers Kay},
  language = {english},
  howpublished = {\url{https://www.freedesktop.org/wiki/Software/systemd/}},
}
@MISC{bootstrap:barralateral,
    title = {Examples sidebars},
    author = {The Bootstrap Team},
    language = {english},
    howpublished = {\url{https://getbootstrap.com/docs/5.0/examples/sidebars/}},
}